# Fichero de bibliografía (escribir en UTF-8)
@book{Hastie,
  title={Generalized Additive Models},
  author={Hastie, T.J. and Tibshirani, R.J.},
  isbn={9780412343902},
  lccn={99015185},
  series={Chapman \& Hall/CRC Monographs on Statistics \& Applied Probability},
  url={https://books.google.it/books?id=qa29r1Ze1coC},
  year={1990},
  publisher={Taylor \& Francis}
}

@book{Wood,
  title={Generalized Additive Models: An Introduction with R, Second Edition},
  author={Wood, S.N.},
  isbn={9781498728348},
  lccn={2016048785},
  series={Chapman \& Hall/CRC Texts in Statistical Science},
  url={https://books.google.it/books?id=HL-PDwAAQBAJ},
  year={2017},
  publisher={CRC Press}
}

@Misc{M-Clark,
  author = {Michale Clark},
  title = {Generalized additive models},
  howpublised = {Disponible en \url{https://m-clark.github.io/generalized-additive-models/}},
}  

@Manual{Luque2017,
title = {Escribir un Trabajo Fin de Estudios con R Markdown},
author = {Pedro L. Luque-Calvo},
year = "2017",
howpublished = {Disponible en \url{http://destio.us.es/calvo}}
}

@misc{MLG-wikipedia,
       author = "Wikipedia",
       title = "Modelo lineal generalizado --- Wikipedia{,} La enciclopedia libre",
       year = "2023",
       url = "https://es.wikipedia.org/w/index.php?title=Modelo_lineal_generalizado&oldid=151532785",
       note = "[Internet; descargado 30-mayo-2023]"
}

@book{fundamentos,
  title={Fundamentos de ciencia de datos con R},
  author={Avil{\'e}s, G.F. and Montero, J.M.},
  isbn={9788448636289},
  url={https://books.google.es/books?id=pSKL0AEACAAJ},
  year={2024},
  publisher={McGraw-Hill}
}

@book{Stat-Learning,
  title={An Introduction to Statistical Learning: with Applications in R},
  author={James, G. and Witten, D. and Hastie, T. and Tibshirani, R.},
  isbn={9781461471370},
  lccn={13936251},
  series={Springer Texts in Statistics},
  url={https://books.google.es/books?id=at1bmAEACAAJ},
  year={2014},
  publisher={Springer New York}
}

@article{CursoMNP,
url = {https://www.researchgate.net/publication/267795562_Curso_de_Modelos_no_Parametricos},
author = {Delicado, Pedro},
title = {Curso de Modelos no Paramétricos}
}

@article{consenso,
doi = {10.1088/1748-9326/ac2774},
url = {https://dx.doi.org/10.1088/1748-9326/ac2774},
year = {2021},
month = {oct},
publisher = {IOP Publishing},
volume = {16},
number = {10},
pages = {104030},
author = {Krista F Myers and Peter T Doran and John Cook and John E Kotcher and Teresa A Myers},
title = {Consensus revisited: quantifying scientific agreement on climate change and climate expertise among Earth scientists 10 years later},
journal = {Environmental Research Letters}
}

@article{desinfo,
url = {https://www.euronews.com/green/2023/11/29/from-russian-pr-to-online-grifters-who-is-peddling-climate-disinformation-in-2023},
year = {2023},
month = {nov},
publisher = {euro news},
author = {Lottie Limb},
title ={From oil ads to Russian interference: These are the climate lies to look out for at COP28}
}

@article{CAAD,
url = {https://caad.info/wp-content/uploads/2023/11/Deny-Deceive-Delay-Vol.-3-1.pdf},
year = {2023},
month = {nov},
publisher = {CAAD},
title = {Deny, Deceive, Delay (Vol 3): Climate Information Integrity Ahead of COP28}
}

@misc{OficinaCC,
url = "https://www.miteco.gob.es/es/ceneam/recursos/mini-portales-tematicos/cclimatico/informe_ipcc.html",
title = "Informes de Evaluación del IPCC",
author = "Oficina Española de Cambio Climático"
}

@misc{consecuencias,
url = "https://climate.ec.europa.eu/climate-change_es",
author = "Unión Europea",
title = "Comisión Europea - Cambio climático"
}